%%%%% Harvard Reference System: http://www.citethisforme.com/harvard-referencing

%%%%%%%%%%%% Website %%%%%%%%%%%%%
@MISC{Visual-Inertial-Navigation,
    AUTHOR    = {Barbosa, J. P. D. A., Dias, S. S., \& Santos, D. A. Dos \&},
    TITLE     = {A Visual-Inertial Navigation System Using AprilTag for Real-Time MAV Applications},
    HOWPUBLISHED = {Available at: \url{https://doi.org/10.1109/M2VIP.2018.8600901}},
    YEAR     = {2018},
    NOTE    = {Accessed: 17-08-2020},
}

@MISC{visualmarkers,
    AUTHOR    = {La Delfa, G. C., Monteleone, S., \& Catania, V., \& De Paz, J. F., \& Bajo, J. \&},
    TITLE     = { Performance analysis of visualmarkers for indoor navigation systems},
    HOWPUBLISHED = {Available at: \url{https://doi.org/10.1631/FITEE.1500324}},
    YEAR     = {2016},
    NOTE    = {Accessed: 17-08-2020},
}

@MISC{HealthDrone,
    TITLE     = {HealthDrone},
    HOWPUBLISHED = {Available at: \url{https://sundhedsdroner.dk/}},
    YEAR     = {2018},
    NOTE    = {Accessed: 18-08-2020},
}

@MISC{DetectionOfArUcoBoards,
    TITLE     = {Detection of ArUco Boards},
    HOWPUBLISHED = {Available at: https://docs.opencv.org/master/db/da9/tutorial\_aruco\_board\_detection.html}},
    NOTE    = {Accessed: 12-02-2021},
}

@misc{imgaug,
  author = {Jung, Alexander B.
            and Wada, Kentaro
            and Crall, Jon
            and Tanaka, Satoshi
            and Graving, Jake
            and Reinders, Christoph
            and Yadav, Sarthak
            and Banerjee, Joy
            and Vecsei, Gábor
            and Kraft, Adam
            and Rui, Zheng
            and Borovec, Jirka
            and Vallentin, Christian
            and Zhydenko, Semen
            and Pfeiffer, Kilian
            and Cook, Ben
            and Fernández, Ismael
            and De Rainville, François-Michel
            and Weng, Chi-Hung
            and Ayala-Acevedo, Abner
            and Meudec, Raphael
            and Laporte, Matias
            and others},
  title = {{imgaug}},
  howpublished = {\url{https://github.com/aleju/imgaug}},
  year = {2020},
  note = {Online; accessed 12-02-2021}
}

@MISC{px4Autopilot,
    TITLE     = {PX4 autopilet},
    HOWPUBLISHED = {Available at: https://docs.px4.io/master}},
    NOTE    = {Accessed: 13-02-2021},
}

@MISC{rosArchitecture,
    TITLE     = {ROS architecture},
    HOWPUBLISHED = {Available at: http://www.clearpathrobotics.com/assets/guides/kinetic/ros/Intro%20to%20the%20Robot%20Operating%20System.html}},
    NOTE    = {Accessed: 13-02-2021},
}

@MISC{arucoMarkerDetection,
    TITLE     = {ArUco marker detection},
    HOWPUBLISHED = {Available at: https://docs.opencv.org/master/d5/dae/tutorial_aruco_detection.html}},
    NOTE    = {Accessed: 17-02-2021},
}

@MISC{pnp,
    TITLE     = {Perspective-n-point},
    HOWPUBLISHED = {Available at: https://en.wikipedia.org/wiki/Perspective-n-Point}},
    NOTE    = {Accessed: 17-02-2021},
}

@MISC{estimatePoseBoard,
    TITLE     = {Estimate pose of board},
    HOWPUBLISHED = {https://docs.opencv.org/3.4/d9/d6a/group__aruco.html}},
    NOTE    = {Accessed: 17-02-2021},
}

@MISC{theExtrinsicCameraMatrix,
    TITLE     = {The extrinsic camera matrix},
    HOWPUBLISHED = {http://ksimek.github.io/2012/08/22/extrinsic/}},
    NOTE    = {Accessed: 17-02-2021},
}

@MISC{shimFanAndPi,
    TITLE     = {Fan SHIM for Raspberry Pi},
    HOWPUBLISHED = {https://let-elektronik.dk/shop/350-hats-raspberry-pi/15708-pimoroni-fan-shim-for-raspberry-pi/}},
    NOTE    = {Accessed: 21-04-2021},
}

@MISC{caseForPi,
    TITLE     = {Case for raspberry pi},
    HOWPUBLISHED = {https://www.dustin.dk/product/5011141918/okdo-raspberry-pi-4-standard-case-clear}},
    NOTE    = {Accessed: 21-04-2021},
}

@MISC{PixhawkFourMini,
    TITLE     = {Pixhawk 4 Mini},
    HOWPUBLISHED = {https://docs.px4.io/master/en/flight_controller/pixhawk4_mini.html}},
    NOTE    = {Accessed: 21-04-2021},
}

@MISC{c270HDWebcam,
    TITLE     = {c270 hd webcam from logitech},
    HOWPUBLISHED = {https://www.elgiganten.dk/product/pc-tablets/webcam/162136/logitech-c270-hd-webkamera?gclid=CjwKCAjwmv-DBhAMEiwA7xYrdzGYXgj59-xIbjHVtHUrPCTyhi44RPsqtSSi8ABd0mK8TRYZaIw8CxoC8nIQAvD_BwE&gclsrc=aw.ds}},
    NOTE    = {Accessed: 21-04-2021},
}

@MISC{raspberryPiCam,
    TITLE     = {Raspberry Pi Camera V2},
    HOWPUBLISHED = {https://www.proshop.dk/Mini-PC-Android-Raspberry-Pi/Raspberry-Pi-Camera-V2/2621958?utm_source=google&utm_medium=cpc&utm_campaign=searchengine&gclid=CjwKCAjwmv-DBhAMEiwA7xYrd8j1kjOx7KOcc9q1OgHUSgPDvirQwUCqQY-arqanNgdlmTPhYd3GkRoC0L8QAvD_BwE}},
    NOTE    = {Accessed: 21-04-2021},
}

@MISC{balanceChargerSkyRc,
    TITLE     = {Balance Charger Sky Rc},
    HOWPUBLISHED = {https://cdon.dk/hjem-have/skyrc-e430-modelbyg-oplader-3-a-lipo-lifepo-p47748245?gclid=CjwKCAjwmv-DBhAMEiwA7xYrd0waXBEgQ_HaioVLyQMQGRxZCCAXsP1nZvXAyAi1PTvtUcAhaRG_oxoCm6MQAvD_BwE&gclsrc=aw.ds#fo_c=1923&fo_k=6d69d4f52a229a6fefeb94ca40d6899e&fo_s=gpladk}},
    NOTE    = {Accessed: 21-04-2021},
}