%%%%% Harvard Reference System: http://www.citethisforme.com/harvard-referencing

%%%%%%%%%%%% Website %%%%%%%%%%%%%
@MISC{Visual-Inertial-Navigation,
    AUTHOR    = {Barbosa, J. P. D. A., Dias, S. S., \& Santos, D. A. Dos \&},
    TITLE     = {A Visual-Inertial Navigation System Using AprilTag for Real-Time MAV Applications},
    HOWPUBLISHED = {Available at: \url{https://doi.org/10.1109/M2VIP.2018.8600901}},
    YEAR     = {2018},
    NOTE    = {Accessed: 17-08-2020},
}

@MISC{visualmarkers,
    AUTHOR    = {La Delfa, G. C., Monteleone, S., \& Catania, V., \& De Paz, J. F., \& Bajo, J. \&},
    TITLE     = { Performance analysis of visualmarkers for indoor navigation systems},
    HOWPUBLISHED = {Available at: \url{https://doi.org/10.1631/FITEE.1500324}},
    YEAR     = {2016},
    NOTE    = {Accessed: 17-08-2020},
}

@MISC{HealthDrone,
    AUTHOR    = {HealthDrone},
    TITLE     = {HealthDrone},
    HOWPUBLISHED = {Available at: \url{https://sundhedsdroner.dk/}},
    YEAR     = {2018},
    NOTE    = {Accessed: 18-08-2020},
}
